@article{pdg,
  title = "Review of Particle Physics",
  author = "Beringer, J. and Arguin, J. -F.",
  collaboration = "Particle Data Group",
  journal = "Phys. Rev. D",
  volume = "86",
  issue = "1",
  pages = "010001",
  numpages = "1528",
  year = "2012",
  month = "Jul",
  doi = "10.1103/PhysRevD.86.010001",
  url = "http://link.aps.org/doi/10.1103/PhysRevD.86.010001",
  publisher = "American Physical Society"
}

@article{ford_and_wills_mesonic_atoms,
  title="Calculated properties of $\mu$-mesonic atoms",
  author="Ford, Kenneth W and Wills, John G",
  journal="Nuclear Physics",
  volume="35",
  pages="295--302",
  year="1962",
  publisher="Elsevier"
}

@article{review_nuclear_physics_mu_capture_measday,
  title="The nuclear physics of muon capture",
  author="Measday, DF",
  journal="Physics reports",
  volume="354",
  number="4",
  pages="243--409",
  year="2001",
  publisher="Elsevier"
}

@article{clfv_in_susy,
  title = "Charged lepton flavor violation in supersymmetric low-scale seesaw models",
  author = "Ilakovac, Amon and Pilaftsis, Apostolos and Popov, Luka",
  journal = "Phys. Rev. D",
  volume = "87",
  issue = "5",
  pages = "053014",
  numpages = "23",
  year = "2013",
  month = "Mar",
  doi = "10.1103/PhysRevD.87.053014",
  url = "http://link.aps.org/doi/10.1103/PhysRevD.87.053014",
  publisher = "American Physical Society"
}

@article{music_cdr,
	title = "The MuSIC Project under The Center of Excellence of Sub Atomic Physics",
	author = "Kuno, Y and Yoshida, M and Sato, A",
	year = "2010",
	month = "May"
}

@article{ilc,
  title="ILC TDR and DBD",
  author="Behnke, T and others",
  journal="ILC-Report-2013-040. http://www. linearcollider. org/ILC/Publications/Technical-Design-Report",
  year="2013"
}

@article{triumf_m20a,
  year = "1992",
  issn = "0170-9739",
  journal = "Zeitschrift für Physik C Particles and Fields",
  volume = "56",
  number = "1",
  doi = "10.1007/BF02426801",
  title = "Muon beams and facilities at TRIUMF",
  url = "http://dx.doi.org/10.1007/BF02426801",
  publisher = "Springer-Verlag",
  author = "Marshall, G.M.",
  pages = "S226-S231",
  language = "English"
}

@article{effective_lagrangian_for_clfv,
  title="(Charged) Lepton Flavor Violation",
  author="de Gouvea, A",
  journal="Nuclear Physics B-Proceedings Supplements",
  volume="188",
  pages="303--308",
  year="2009",
  publisher="Elsevier"
}

@article{riken_ral,
  title = "The RIKEN-RAL pulsed Muon Facility ",
  journal = "Nuclear Instruments and Methods in Physics Research Section A: Accelerators, Spectrometers, Detectors and Associated Equipment ",
  volume = "465",
  number = "2–3",
  pages = "365 - 383",
  year = "2001",
  note = "",
  issn = "0168-9002",
  doi = "http://dx.doi.org/10.1016/S0168-9002(01)00694-5",
  url = "http://www.sciencedirect.com/science/article/pii/S0168900201006945",
  author = "T. Matsuzaki and K. Ishida and K. Nagamine and I. Watanabe and G.H. Eaton and W.G. Williams"
}

@article{suzuki_mu_capture_rates,
  title="Total nuclear capture rates for negative muons",
  author="Suzuki, T and Measday, David F and Roalsvig, JP",
  journal="Physical Review C",
  volume="35",
  number="6",
  pages="2212",
  year="1987",
  publisher="APS"
}

@article{mue4_psi,
title = "The new beam at PSI: A hybrid-type large acceptance channel for the generation of a high intensity surface-muon beam ",
journal = "Nuclear Instruments and Methods in Physics Research Section A: Accelerators, Spectrometers, Detectors and Associated Equipment ",
volume = "595",
number = "2",
pages = "317 - 331",
year = "2008",
note = "",
issn = "0168-9002",
doi = "http://dx.doi.org/10.1016/j.nima.2008.07.081",
url = "http://www.sciencedirect.com/science/article/pii/S016890020801067X",
author = "T. Prokscha and E. Morenzoni and K. Deiters and F. Foroughi and D. George and R. Kobler and A. Suter and V. Vrankovic",
keywords = "Muon beams",
keywords = "Low-energy muons "
}

@article{geant4,
  title="GEANT4—a simulation toolkit",
  author="Agostinelli, S and Allison, J and Amako, K ea and Apostolakis, J and Araujo, H and Arce, P and Asai, M and Axen, D and Banerjee, S and Barrand, G and others",
  journal="Nuclear instruments and methods in physics research section A: Accelerators, Spectrometers, Detectors and Associated Equipment",
  volume="506",
  number="3",
  pages="250--303",
  year="2003",
  publisher="Elsevier"
}

@manual{ej_212,
  title="EJ-212 Plastic Scintillator",
  organization="Eljen Technology",
  address="1300 W Broadway Sweetwater TX 79556 USA",
  month="May",
  year="2007"
}

@manual{bcf_91a,
  title="Scintillation Products: scintillating optical fibers",
  organization="Saint-Gobain Crystals",
  address="104 Route de Larchant, BP 521, 77794 Nemours Cedex, France",
  year="2011"
}

@article{groom2001_mylar_ref,
  title="Muon stopping power and range tables 10 MeV--100 TeV",
  author="Groom, Donald E and Mokhov, Nikolai V and Striganov, Sergei I",
  journal="Atomic Data and Nuclear Data Tables",
  volume="78",
  number="2",
  pages="183--356",
  year="2001",
  publisher="Elsevier"
}

@inproceedings{g4bl,
  title="G4beamline simulation program for matter-dominated beamlines",
  author="Roberts, Thomas J and Kaplan, Daniel M",
  booktitle="Particle Accelerator Conference, 2007. PAC. IEEE",
  pages="3468--3470",
  year="2007",
  organization="IEEE"
}

@article{rossi_hall_first_muons,
   author = "{Rossi}, B. and {Hall}, D.~B.",
    title = "{Variation of the Rate of Decay of Mesotrons with Momentum}",
  journal = "Physical Review",
     year = "1941",
    month = "feb",
   volume = "59",
    pages = "223-228",
      doi = "10.1103/PhysRev.59.223",
   adsurl = "http://adsabs.harvard.edu/abs/1941PhRv...59..223R"
}

@article{t2k_cdr,
  title="T2K ND280 Conceptual Design Report",
  author="T2K Collaboration and others",
  journal="T2K Internal Document",
  year="2005"
}

@article{comet_cdr,
  title="Conceptual Design Report {CDR} for Experimental Search for Lepton Flavor Violating μ− − e− Conversion at Sensitivity of 10−16 with a Slow-Extracted Bunched Proton Beam (COMET)",
  author="CoMET collaboration",
  year="2009",
  month="June"
}

@article{sindrum_1_mu_eee,
  title="Search for the decay $\mu^+\rightarrow e^+e^-e^+$",
  author="Bellgardt, U and Otter, Gerd and Eichler, R and Felawka, L and Niebuhr, C and Walter, HK and Bertl, W and Lordong, N and Martino, J and Egli, S and others",
  journal="Nuclear Physics B",
  volume="299",
  number="1",
  pages="1--6",
  year="1988",
  publisher="Elsevier"
}

@article{sindrum_2_mu_ag_e,
year="2006",
issn="1434-6044",
journal="The European Physical Journal C - Particles and Fields",
volume="47",
number="2",
doi="10.1140/epjc/s2006-02582-x",
title="A search for μ-e conversion in muonic gold",
url="http://dx.doi.org/10.1140/epjc/s2006-02582-x",
publisher="Springer-Verlag",
author="Bertl, W. and Engfer, R. and Hermes, E.A. and Kurz, G. and Kozlowski, T. and Kuth, J. and Otter, G. and Rosenbaum, F. and Ryskulov, N.M. and van der Schaaf, A. and Wintz, P. and Zychor, I.",
pages="337-346",
language="English"
}


@article{proton_size,
  title = "The size of the proton",
  author = "Pohl, Randolf and Antognini, Aldo and Nez, Fran{\c{c}}ois and Amaro, Fernando D and Biraben, Fran{\c{c}}ois and Cardoso, Jo{\~a}o MR and Covita, Daniel S and Dax, Andreas and Dhawan, Satish and Fernandes, Luis MP and others",
  journal = "Nature",
  volume = "466",
  number = "7303",
  pages = "213--216",
  year = "2010",
  publisher = "Nature Publishing Group"
}

@manual{lpd_manual,
title="LPD Project ASIC Manual aka XFEL ASIC",
author="Matthew Hart, Davide Braga and Michelle Key-Charriere",
edition="1.0"
}

@article{lpd_spec,
  title="Edgeless sensor development for the LPD hybrid pixel detector at XFEL",
  author="Blue, Andrew and French, M and Seller, P and O'Shea, V",
  journal="Nuclear Instruments and Methods in Physics Research Section A: Accelerators, Spectrometers, Detectors and Associated Equipment",
  volume="607",
  number="1",
  pages="55--56",
  year="2009",
  publisher="Elsevier"
}

@article{dssc_spec,
  title="DEPFET sensor with intrinsic signal compression developed for use at the XFEL free electron laser radiation source",
  author="Lutz, G and Lechner, P and Porro, M and and De Vita, G",
  journal="Nuclear Instruments and Methods in Physics Research Section A: Accelerators, Spectrometers, Detectors and Associated Equipment",
  volume="624",
  number="2",
  pages="528--532",
  year="2010",
  publisher="Elsevier"
}

@article{agipd_spec,
  title="The adaptive gain integrating pixel detector AGIPD a detector for the European XFEL",
  author="Henrich, B and Becker, J and Dinapoli, R and Goettlicher, P and Graafsma, H and Hirsemann, H and Klanner, R and Krueger, H and Mazzocco, R and Mozzanica, A and others",
  journal="Nuclear Instruments and Methods in Physics Research Section A: Accelerators, Spectrometers, Detectors and Associated Equipment",
  volume="633",
  pages="S11--S14",
  year="2011",
  publisher="Elsevier"
}

@article{goulard_primakoff,
  title="Nuclear muon-capture sum rules and mean nuclear excitation energies",
  author="Goulard, B and Primakoff, H",
  journal="Physical Review C",
  volume="10",
  number="5",
  pages="2034--2044",
  year="1974"
}

@manual{xfel_veto_spec,
title="Specification of the VETO system at European XFEL",
author="Patrick Gessler and John Coughlan and Thomas Gerlach and Peter Goettlicher",
institution="European XFEL",
year="2012",
month="April",
version="0.5"
}

@manual{locallink_spec,
title="LocalLink Interface Specification",
organization="Xilinx",
edition="2.0",
year="2005",
month="July"
}

@techreport{xfel_tdr,
author="Massimo Altarelli and Reinhard Brinkmann and Majed Chergui and Winfried Decking and Barry Dobson",
title="The {Eu}ropean {X}-ray {F}ree-{E}lectron {L}aser ({EuXFEL}): Technical design report",
institution="European XFEL GmbH",
year="2007",
month="July"
}

@article{xfel_detector_requirements,
author="Heinz Graafsma",
title="Requirements for and development of 2 dimensional X-ray detectors for the European X-ray Free Electron Laser in Hamburg",
journal="Journal of Instrumentation",
volume="4",
number="12",
pages="P12011",
year="2009",
abstract="The source characteristics of the European XFEL and the planned experimental facilities that are relevant for the X-ray detectors are presented, and the requirements for the 2-dimensional X-ray Detectors are stated and explained. It is clear that, although these requirements will evolve with time, they demand new detector concepts to be developed. Three X-ray detector development projects have been initiated by the European XFEL, each using a conceptually different approach to meet the stringent requirements. The basic principles used in the projects are briefly presented."
}

@manual{xfel_website,
organization="European XFEL",
title="{XFEL} Detectors page (www.xfel.eu/research/detectors/)",
year="2012",
url="http://www.xfel.eu/research/detectors/"
}